%% This BibTeX bibliography file was created using BibDesk.
%% http://bibdesk.sourceforge.net/


%% Created for twr08 at 2012-04-28 18:18:30 +0100 


%% Saved with string encoding Unicode (UTF-8) 



@misc{RudolphPrivate,
	Author = {Rudolph, Terry},
	Date-Added = {2012-04-28 17:17:21 +0000},
	Date-Modified = {2012-04-28 17:18:28 +0000},
	Howpublished = {Private communication},
	Month = {March},
	Year = {2012}}

@misc{FoulkesSpencer2011,
	Author = {Foulkes, Matthew and Spencer, James},
	Date-Added = {2012-04-04 11:28:01 +0000},
	Date-Modified = {2012-04-09 19:57:57 +0000},
	Howpublished = {Private communication},
	Month = {Oct},
	Year = {2011}}

@misc{SpencerFCIQMC,
	Date-Added = {2012-04-04 11:27:28 +0000},
	Date-Modified = {2012-04-09 20:00:05 +0000},
	Howpublished = {{Obtained} using {J.} {Spencer's} {FCIQMC} code},
	Year = {2011}}

@book{Contaldi2011,
	Author = {Carlo Contaldi},
	Date-Added = {2012-03-31 23:10:41 +0000},
	Date-Modified = {2012-03-31 23:11:31 +0000},
	Publisher = {Imperial College London},
	Title = {Computational Physics Lecture Notes},
	Year = {2011}}

@misc{SpencerFCI,
	Date-Added = {2012-03-29 20:46:18 +0000},
	Date-Modified = {2012-04-09 20:00:20 +0000},
	Howpublished = {{Obtained} using {J.} {Spencer's} {FCI} code},
	Year = {2011}}

@article{Heisenberg1926,
	Author = {Heisenberg, W.},
	Date-Added = {2012-03-25 16:59:56 +0000},
	Date-Modified = {2012-03-25 17:09:52 +0000},
	Journal = {Zeitschrift fur Physik},
	Number = {441},
	Title = {Many-Body Problem and Resonance in Quantum Mechanics},
	Volume = {38},
	Year = {1926}}

@book{Rudolph,
	Author = {Rudolph, Terry},
	Date-Added = {2012-03-20 14:42:47 +0000},
	Date-Modified = {2012-03-20 14:43:26 +0000},
	Publisher = {Imperial College London},
	Title = {Quantum Information Lecture Notes},
	Year = {2011}}

@book{Halliwell,
	Author = {Halliwell, Jonathon},
	Date-Added = {2012-03-19 23:26:38 +0000},
	Date-Modified = {2012-03-19 23:27:44 +0000},
	Publisher = {Imperial College London},
	Title = {Foundations of Quantum Mechanics Lecture Notes},
	Year = {2011}}

@book{Cullum2002,
	Author = {Cullum, Jane K. and Willoughbhy, Ralph A.},
	Date-Added = {2012-03-16 01:23:34 +0000},
	Date-Modified = {2012-03-16 01:26:46 +0000},
	Publisher = {SIAM},
	Title = {Lanczos Algorithms for Large Symmetric Eigenvalue Computations: Theory},
	Volume = {1},
	Year = {2002}}

@article{Imada1998,
	Author = {Imada, M. and Fujimori, A. and Tokura, Y.},
	Doi = {10.1103/RevModPhys.70.1039},
	Issue = {4},
	Journal = {Reviews of Modern Physics},
	Month = {Oct},
	Pages = {1039--1263},
	Publisher = {American Physical Society},
	Title = {Metal-insulator transitions},
	Url = {http://link.aps.org/doi/10.1103/RevModPhys.70.1039},
	Volume = {70},
	Year = {1998},
	Bdsk-Url-1 = {http://link.aps.org/doi/10.1103/RevModPhys.70.1039},
	Bdsk-Url-2 = {http://dx.doi.org/10.1103/RevModPhys.70.1039}}

@book{modernChemistry,
	Author = {Szabo, A. and Ostlund, N. S.},
	Date-Modified = {2011-09-28 13:03:53 +0000},
	Publisher = {Dover Publications},
	Title = {Modern Quantum Chemisty: Introduction to Advanced Electronic Structure Theory},
	Year = {1996}}

@book{bransden,
	Author = {Bransden, B. H. and Joachain, C. J.},
	Edition = {Second},
	Publisher = {Prentice Hall},
	Title = {Quantum Mechanics},
	Year = {2000}}

@book{Isham,
	Author = {Isham, C. J.},
	Edition = {First},
	Publisher = {Imperial College Press},
	Title = {Lectures on Quantum Theory. Mathematical and Structural Foundations},
	Year = {1995}}

@article{Leininger2000,
	Author = {Leininger, L. and Allen, W. D. and Schaefer III, H. F.},
	Journal = {The Journal of Chemical Physics},
	Number = {21},
	Pages = {9213},
	Title = {Is M{\o}ller--Plesset perturbation theory a convergent ab initio method?},
	Volume = {112},
	Year = {2000}}
